% bitbit, a bitboard based chess engine written in c.
% Copyright (C) 2022-2024 Isak Ellmer
%
% This program is free software: you can redistribute it and/or modify
% it under the terms of the GNU General Public License, version 2 as
% published by the Free Software Foundation.
%
% This program is distributed in the hope that it will be useful,
% but WITHOUT ANY WARRANTY; without even the implied warranty of
% MERCHANTABILITY or FITNESS FOR A PARTICULAR PURPOSE.  See the
% GNU General Public License for more details.
%
% You should have received a copy of the GNU General Public License
% along with this program.  If not, see <https://www.gnu.org/licenses/>.

@misc{ wikipedia_elo,
    author = "{Wikipedia contributors}",
    title = "Elo rating system --- {Wikipedia}{,} The Free Encyclopedia",
    year = "2023",
    note = "\url{https://en.wikipedia.org/w/index.php?title=Elo_rating_system&oldid=1185663969}",
}
@misc{ wikipedia_implicit,
    author = "{Wikipedia contributors}",
    title = "Implicit function theorem --- {Wikipedia}{,} The Free Encyclopedia",
    year = "2023",
    note = "\url{https://en.wikipedia.org/w/index.php?title=Implicit_function_theorem&oldid=1181247577}",
}
